@article{visscher201710,
  title={10 years of GWAS discovery: biology, function, and translation},
  author={Visscher, Peter M and Wray, Naomi R and Zhang, Qian and Sklar, Pamela and McCarthy, Mark I and Brown, Matthew A and Yang, Jian},
  journal={The American Journal of Human Genetics},
  volume={101},
  number={1},
  pages={5--22},
  year={2017},
  publisher={Elsevier}
}
@article{spain2015strategies,
  title={Strategies for fine-mapping complex traits},
  author={Spain, Sarah L and Barrett, Jeffrey C},
  journal={Human molecular genetics},
  volume={24},
  number={R1},
  pages={R111--R119},
  year={2015},
  publisher={Oxford University Press}
}
@article{ardlie2002patterns,
  title={Patterns of linkage disequilibrium in the human genome},
  author={Ardlie, Kristin G and Kruglyak, Leonid and Seielstad, Mark},
  journal={Nature Reviews Genetics},
  volume={3},
  number={4},
  pages={299--309},
  year={2002},
  publisher={Nature Publishing Group UK London}
}
@article{schaid2018genome,
  title={From genome-wide associations to candidate causal variants by statistical fine-mapping},
  author={Schaid, Daniel J and Chen, Wenan and Larson, Nicholas B},
  journal={Nature Reviews Genetics},
  volume={19},
  number={8},
  pages={491--504},
  year={2018},
  publisher={Nature Publishing Group UK London}
}
@article{mitchell1988bayesian,
  title={Bayesian variable selection in linear regression},
  author={Mitchell, Toby J and Beauchamp, John J},
  journal={Journal of the american statistical association},
  volume={83},
  number={404},
  pages={1023--1032},
  year={1988},
  publisher={Taylor \& Francis}
}
@inproceedings{hormozdiari2014identifying,
  title={Identifying causal variants at loci with multiple signals of association},
  author={Hormozdiari, Farhad and Kostem, Emrah and Kang, Eun Yong and Pasaniuc, Bogdan and Eskin, Eleazar},
  booktitle={Proceedings of the 5th ACM Conference on Bioinformatics, Computational Biology, and Health Informatics},
  pages={610--611},
  year={2014}
}
@article{benner2016finemap,
  title={FINEMAP: efficient variable selection using summary data from genome-wide association studies},
  author={Benner, Christian and Spencer, Chris CA and Havulinna, Aki S and Salomaa, Veikko and Ripatti, Samuli and Pirinen, Matti},
  journal={Bioinformatics},
  volume={32},
  number={10},
  pages={1493--1501},
  year={2016},
  publisher={Oxford University Press}
}
@article{wen2016efficient,
  title={Efficient integrative multi-SNP association analysis via deterministic approximation of posteriors},
  author={Wen, Xiaoquan and Lee, Yeji and Luca, Francesca and Pique-Regi, Roger},
  journal={The American Journal of Human Genetics},
  volume={98},
  number={6},
  pages={1114--1129},
  year={2016},
  publisher={Elsevier}
}
@article{lee2018bayesian,
  title={Bayesian multi-SNP genetic association analysis: control of FDR and use of summary statistics},
  author={Lee, Yeji and Luca, Francesca and Pique-Regi, Roger and Wen, Xiaoquan},
  journal={BioRxiv},
  pages={316471},
  year={2018},
  publisher={Cold Spring Harbor Laboratory}
}
@article{wang2020simple,
  title={A simple new approach to variable selection in regression, with application to genetic fine mapping},
  author={Wang, Gao and Sarkar, Abhishek and Carbonetto, Peter and Stephens, Matthew},
  journal={Journal of the Royal Statistical Society Series B: Statistical Methodology},
  volume={82},
  number={5},
  pages={1273--1300},
  year={2020},
  publisher={Oxford University Press}
}
@article{zou2022fine,
  title={Fine-mapping from summary data with the “Sum of Single Effects” model},
  author={Zou, Yuxin and Carbonetto, Peter and Wang, Gao and Stephens, Matthew},
  journal={PLoS genetics},
  volume={18},
  number={7},
  pages={e1010299},
  year={2022},
  publisher={Public Library of Science San Francisco, CA USA}
}
@article{kahn1953methods,
  title={Methods of reducing sample size in Monte Carlo computations},
  author={Kahn, Herman and Marshall, Andy W},
  journal={Journal of the Operations Research Society of America},
  volume={1},
  number={5},
  pages={263--278},
  year={1953},
  publisher={INFORMS}
}
@article{owen2000safe,
  title={Safe and effective importance sampling},
  author={Owen, Art and Zhou, Yi},
  journal={Journal of the American Statistical Association},
  volume={95},
  number={449},
  pages={135--143},
  year={2000},
  publisher={Taylor \& Francis}
}
@article{su2021variational,
  title={Variational approximation for importance sampling},
  author={Su, Xiao and Chen, Yuguo},
  journal={Computational Statistics},
  volume={36},
  number={3},
  pages={1901--1930},
  year={2021},
  publisher={Springer}
}
@article{rubin1987calculation,
  title={The calculation of posterior distributions by data augmentation: Comment: A noniterative sampling/importance resampling alternative to the data augmentation algorithm for creating a few imputations when fractions of missing information are modest: The SIR algorithm},
  author={Rubin, Donald B},
  journal={Journal of the American Statistical Association},
  volume={82},
  number={398},
  pages={543--546},
  year={1987},
  publisher={JSTOR}
}
@inproceedings{db1988using,
  title={Using the SIR algorithm to simulate posterior distributions},
  author={Rubin, Donald B},
  booktitle={Bayesian statistics 3. Proceedings of the third Valencia international meeting, 1-5 June 1987},
  pages={395--402},
  year={1988},
  organization={Clarendon Press}
}
@article{gtex2015genotype,
  title={The Genotype-Tissue Expression (GTEx) pilot analysis: multitissue gene regulation in humans},
  author={GTEx Consortium and Ardlie, Kristin G and Deluca, David S and Segr{\`e}, Ayellet V and Sullivan, Timothy J and Young, Taylor R and Gelfand, Ellen T and Trowbridge, Casandra A and Maller, Julian B and Tukiainen, Taru and others},
  journal={Science},
  volume={348},
  number={6235},
  pages={648--660},
  year={2015},
  publisher={American Association for the Advancement of Science}
}
@article{samaddar2024bayesian,
  title={Bayesian hierarchical hypothesis testing in large-scale genome-wide association analysis},
  author={Samaddar, Anirban and Maiti, Tapabrata and de Los Campos, Gustavo},
  journal={Genetics},
  pages={iyae164},
  year={2024},
  publisher={Oxford University Press US}
}